<?xml version="1.0" encoding="UTF-8"?><collection xmlns="http://www.loc.gov/MARC21/slim"><record><leader>00380nam--2200133-i-4500</leader><controlfield tag="001">000023722</controlfield><controlfield tag="002">20161230</controlfield><controlfield tag="005">20161230201035</controlfield><controlfield tag="008">060222s1000------------r-----000-0-eng-d</controlfield><datafield ind1=" " ind2=" " tag="080"><subfield code="a">539.184.268(048):016</subfield></datafield><datafield ind1=" " ind2=" " tag="100"><subfield code="a">Heilig, K</subfield></datafield><datafield ind1=" " ind2=" " tag="245"><subfield code="a">Bibliography on experimental optical isotope shifts 1918 through october 1976</subfield></datafield><datafield ind1=" " ind2=" " tag="260"><subfield code="a">Oxford, Pergamon Press, 1977, 57 P</subfield></datafield><datafield ind1=" " ind2=" " tag="852"><subfield code="a">D.1274</subfield></datafield></record></collection>